@ARTICLE{transactions,
  author={Zhang, Zihao and Zohren, Stefan and Roberts, Stephen},
  journal={IEEE Transactions on Signal Processing}, 
  title={DeepLOB: Deep Convolutional Neural Networks for Limit Order Books}, 
  year={2019},
  volume={67},
  number={11},
  pages={3001-3012},
  keywords={Feature extraction;Predictive models;Data models;Instruments;Mathematical model;Stock markets;Training;Convolutional neural network;microstructure market data;limit order book;LSTM;time series analysis},
  doi={10.1109/TSP.2019.2907260}}


@article{OFI,
  title={Multi-level order-flow imbalance in a limit order book},
  author={Xu, Ke and Gould, Martin D and Howison, Sam D},
  journal={Market Microstructure and Liquidity},
  volume={4},
  number={03n04},
  pages={1950011},
  year={2018},
  publisher={World Scientific}
}

@article{RSI-MACD,
  title={Technical analysis and the London stock exchange: testing the MACD and RSI rules using the FT30},
  author={Chong, Terence Tai-Leung and Ng, Wing-Kam},
  journal={Applied Economics Letters},
  volume={15},
  number={14},
  pages={1111--1114},
  year={2008},
  publisher={Taylor \& Francis}
}